<?xml version="1.0" encoding="UTF-8"?><collection xmlns="http://www.loc.gov/MARC21/slim"><record><leader>00410nam--2200133-i-4500</leader><controlfield tag="001">000042088</controlfield><controlfield tag="002">20161230</controlfield><controlfield tag="005">20161230201043</controlfield><controlfield tag="008">060222s1000------------r-----000-0-eng-d</controlfield><datafield ind1=" " ind2=" " tag="080"><subfield code="a">681.32:015</subfield></datafield><datafield ind1=" " ind2=" " tag="100"><subfield code="a">Soenen,Rene</subfield></datafield><datafield ind1=" " ind2=" " tag="245"><subfield code="a">Contribution a l`analyse spectrale de signaux non periodiques par calculateur specialise. these</subfield></datafield><datafield ind1=" " ind2=" " tag="260"><subfield code="a">Lille, Faculte Des Sciences, 1970. 79 P.+ Anexe (P.Dif)</subfield></datafield><datafield ind1=" " ind2=" " tag="852"><subfield code="a">37815</subfield></datafield></record></collection>